<?xml version="1.0" encoding="UTF-8"?><collection xmlns="http://www.loc.gov/MARC21/slim"><record><leader>00383nam--2200121-i-4500</leader><controlfield tag="001">000014659</controlfield><controlfield tag="002">20161230</controlfield><controlfield tag="005">20161230201030</controlfield><controlfield tag="008">060222s1000------------r-----000-0-eng-d</controlfield><datafield ind1=" " ind2=" " tag="245"><subfield code="a">The decay of the gamma-ray field in a candu re actor core simulated by the zed 2 reactor</subfield></datafield><datafield ind1=" " ind2=" " tag="260"><subfield code="a">Chalk River, Atomic Energy Of Canada Limited, 1981. 25 P</subfield></datafield><datafield ind1=" " ind2=" " tag="700"><subfield code="a">Allan, C.J. /S.A.</subfield></datafield><datafield ind1=" " ind2=" " tag="852"><subfield code="a">60913</subfield></datafield></record></collection>